@manual{ap602,
title = {Versuchsanleitung zu Versuch Nr. 602 Röntgenemission und -absorption},
year = 2023,
organization = {Fakultät Physik, TU Dortmund},
}
